@article{fao_site,
    author =       "FAO",
    title =        "Food Agriculture Organization of the United Nations",
    journal =      "OpenSource Dataset of Temperature Change",
    pages =        "January 1962 - December 2020",
    year =         "2021",
    url =          "http://www.fao.org/faostat/en/#data/ET/metadata"
}